@book{tardos,
  key = {1},
  title = {Algorithm design},
  author = {Kleinberg, Jon and Tardos, Eva},
  publisher = {Pearson/Addison Wesley},
  address = {Boston (Mass.), London, Sydney},
  isbn = {0-321-37291-3},
  year = {2006}
}

@article{Likas2003,
  key = {2},
  title = {The global k-means clustering algorithm},
  author = {Likas, Aristidis and Vlassis, Nikos and Verbeek, Jakob J},
  journal = {Pattern recognition},
  volume = {36},
  number = {2},
  pages = {451--461},
  year = {2003},
  publisher = {Elsevier}
}

@article{Bagirov2006,
  key = {3},
  year = {2006},
  publisher = {Elsevier {BV}},
  volume = {170},
  number = {2},
  pages = {578--596},
  author = {Adil M. Bagirov and John Yearwood},
  title = {A new nonsmooth optimization algorithm for minimum sum-of-squares clustering problems},
  journal = {European Journal of Operational Research}
}

@article{Jain1999,
  key = {4},
  author = {Jain, A. K. and Murty, M. N. and Flynn, P. J.},
  title = {Data Clustering: A Review},
  journal = {ACM Comput. Surv.},
  volume = {31},
  number = {3},
  year = {1999},
  issn = {0360-0300},
  pages = {264--323},
  numpages = {60},
  acmid = {331504},
  publisher = {ACM},
  address = {New York, NY, USA},
  keywords = {cluster analysis, clustering applications, exploratory data analysis, incremental clustering, similarity indices, unsupervised learning}
}

@article{Festa2013,
  key = {5},
  year  = {2013},
  publisher = {Elsevier {BV}},
  volume = {245},
  number = {1},
  pages = {76--85},
  author = {P. Festa},
  title = {A biased random-key genetic algorithm for data clustering},
  journal = {Mathematical Biosciences}
}

@article{Ordin2014,
  key = {6},
  year  = {2014},
  publisher = {Springer Science $\mathplus$ Business Media},
  volume = {61},
  number = {2},
  pages = {341--361},
  author = {Burak Ordin and Adil M. Bagirov},
  title = {A heuristic algorithm for solving the minimum sum-of-squares clustering problems},
  journal = {Journal of Global Optimization}
}

@book{Das2009,
  key = {7},
  Author = {Swagatam Das and Ajith Abraham and Amit Konar},
  Title = {Metaheuristic Clustering (Studies in Computational Intelligence)},
  Publisher = {Springer},
  Year = {2009},
  ISBN = {3540921729}
}

@article{Xu2005,
  key={8},
  year  = {2005},
  publisher = {Institute of Electrical {\&} Electronics Engineers ({IEEE})},
  volume = {16},
  number = {3},
  pages = {645--678},
  author = {R. Xu and D. WunschII},
  title = {Survey of Clustering Algorithms},
  journal = {{IEEE} Trans. Neural Netw.}
}

@article{Karkkainen2006,
  key = {9},
  title = {Introduction to partitioning-based clustering methods with a robust example},
  author = {Tommi Karkkainen and Sami Ayramo},
  year = {2006}
}

@article{Krishna1999,
  key = {10},
  year  = {1999},
  publisher = {Institute of Electrical {\&} Electronics Engineers ({IEEE})},
  volume = {29},
  number = {3},
  pages = {433--439},
  author = {K. Krishna and M. Narasimha Murty},
  title = {Genetic K-means algorithm},
  journal = {{IEEE} Trans. Syst.,  Man,  Cybern. B}
}

@inproceedings{Lu2004,
  key = {11},
  year = {2004},
  publisher = {Association for Computing Machinery ({ACM})},
  author = {Yi Lu and Shiyong Lu and Farshad Fotouhi and Youping Deng and Susan J. Brown},
  title = {{FGKA}},
  booktitle = {{Proceedings of the 2004 {ACM} symposium on Applied computing - {SAC}'04}}
}

@article{Bagirov2008,
  key = {12},
  year  = {2008},
  publisher = {Elsevier {BV}},
  volume = {41},
  number = {10},
  pages = {3192--3199},
  author = {Adil M. Bagirov},
  title = {Modified global k-means algorithm for minimum sum-of-squares clustering problems},
  journal = {Pattern Recognition}
}

@misc{Zhang96,
  key = {13},
  author = {Tian Zhang and Raghu Ramakrishnan and Miron Livny},
  title = {BIRCH: An Efficient Data Clustering Method for Very Large Databases},
  year = {1996}
}

@article{Guha1998,
  key = {14}, 
  author = {Guha, Sudipto and Rastogi, Rajeev and Shim, Kyuseok},
  title = {CURE: An Efficient Clustering Algorithm for Large Databases},
  journal = {SIGMOD Rec.},
  volume = {27},
  number = {2},
  year = {1998},
  issn = {0163-5808},
  pages = {73--84},
  numpages = {12},
  acmid = {276312},
  publisher = {ACM},
  address = {New York, NY, USA},
}

@article{Hansen2001,
  key = {15},
  year  = {2001},
  publisher = {Elsevier {BV}},
  volume = {34},
  number = {2},
  pages = {405--413},
  author = {Pierre Hansen and Nenad Mladenovi{\'{c}}},
  title = {J-Means: a new local search heuristic for minimum sum of squares clustering},
  journal = {Pattern Recognition}
}

@article{Hansen1997,
  key = {16},
  title = {Cluster analysis and mathematical programming},
  author = {Hansen, Pierre and Jaumard, Brigitte},
  journal = {Mathematical programming},
  volume = {79},
  number = {1-3},
  pages = {191--215},
  year = {1997},
  publisher = {Springer}
}

@InProceedings{Hamerly2010,
  key = {17},
  title = {Making k-means Even Faster},
  author = {Hamerly, Greg},
  booktitle = {SDM},
  pages = {130--140},
  year = {2010},
  organization = {SIAM}
}

@article{Burke2004,
  key = {18},
  author = {Burke, E. K. and Gustafson, S. and Kendall, G.},
  title = {Diversity in Genetic Programming: An Analysis of Measures and Correlation with Fitness},
  journal = {Trans. Evol. Comp},
  volume = {8},
  number = {1},
  year = {2004},
  issn = {1089-778X},
  pages = {47--62},
  numpages = {16},
  acmid = {2221668},
  publisher = {IEEE Press},
  address = {Piscataway, NJ, USA}
}

@article{Zitzler2000,
  key = {19},
  author = {Zitzler, Eckart and Deb, Kalyanmoy and Thiele, Lothar},
  title = {Comparison of Multiobjective Evolutionary Algorithms: Empirical Results},
  journal = {Evol. Comput.},
  volume = {8},
  number = {2},
  year = {2000},
  issn = {1063-6560},
  pages = {173--195},
  numpages = {23},
  acmid = {1108876},
  publisher = {MIT Press},
  address = {Cambridge, MA, USA}
}

@inproceedings{DiazGomez2007,
  key = {20},
  author = {Pedro A. Diaz{-}Gomez and
               Dean F. Hougen},
  title = {Initial Population for Genetic Algorithms: {A} Metric Approach},
  booktitle = {{Proceedings of the 2007 International Conference on Genetic and Evolutionary
               Methods, {GEM} 2007, June 25-28, 2007, Las Vegas, Nevada, {USA}}},
  pages = {43--49},
  year = {2007}
}

@misc{Hansen2009,
  key = {21},
  title = {A survey on exact methods for minimum sum-of-squares clustering},
  author = {Hansen, Pierre and Aloise, Daniel},
  year = {2009}
}

@article{Xavier2011,
  key = {22},
  title = {Solving the minimum sum-of-squares clustering problem by hyperbolic smoothing and partition into boundary and gravitational regions},
  author = {Adilson Elias Xavier and Vinicius Layter Xavier},
  journal = {Pattern Recognition},
  volume = {44},
  number = {1},
  pages = {70 -- 77},
  year = {2011},
  issn = {0031-3203}
}

@article{Fraley2002,
  key = {23},
  title = {Model-based clustering, discriminant analysis, and density estimation},
  author = {Fraley, Chris and Raftery, Adrian E},
  journal = {Journal of the American statistical Association},
  volume = {97},
  number = {458},
  pages = {611--631},
  year = {2002},
  publisher = {Taylor \& Francis}
}

@article{Kuhn1955,
  key = {24},
  author = {Harold W. Kuhn},
  title = {The \uppercase{H}ungarian Method for the assignment problem},
  journal = {Naval Research Logistics Quarterly},
  year = {1955},
  volume = {2},
  pages = {83 -- 97}
}

@article{Lloyd1982,
  key = {25},
  author = {S. Lloyd},
  journal = {IEEE Transactions on Information Theory},
  title = {Least squares quantization in \uppercase{PCM}},
  year = {1982},
  volume = {28},
  number = {2},
  pages = {129 -- 137},
  ISSN = {0018 -- 9448}
}

@article{Bagirov2016,
  key = {26},
  title = {Nonsmooth \uppercase{DC} programming approach to the minimum sum-of-squares clustering problems},
  author = {Bagirov, Adil M and Taheri, Sona and Ugon, Julien},
  journal = {Pattern Recognition},
  volume = {53},
  pages = {12--24},
  year = {2016},
  publisher = {Elsevier}
}

@article{Aloise2009,
  key = {27},
  title = {\uppercase{NP}-hardness of Euclidean sum-of-squares clustering},
  author = {Aloise, Daniel and Deshpande, Amit and Hansen, Pierre and Popat, Preyas},
  journal = {Machine learning},
  volume = {75},
  number = {2},
  pages = {245--248},
  year = {2009},
  publisher = {Springer}
}

@inproceedings{Inaba1994,
  key = {28},
  title = {Applications of weighted \uppercase{V}oronoi diagrams and randomization to variance-based k-clustering},
  author = {Inaba, Mary and Katoh, Naoki and Imai, Hiroshi},
  booktitle = {{Proceedings of the tenth annual symposium on Computational geometry}},
  pages = {332--339},
  year = {1994},
  organization = {ACM}
}

@article{Spath1980,
  key = {29},
  title = {Cluster analysis algorithms for data reduction and classification of objects},
  author = {Sp{\"a}th, Helmuth},
  year = {1980},
  publisher = {Horwood}
}

@article{Aloise2009Branch,
  key = {30},
  title = {A branch-and-cut \uppercase{SDP}-based algorithm for minimum sum-of-squares clustering},
  author = {Aloise, Daniel and Hansen, Pierre},
  journal = {Pesquisa Operacional},
  volume = {29},
  number = {3},
  pages = {503--516},
  year = {2009},
  publisher = {SciELO Brasil}
}

@article{Vinod1969,
  key = {31},
  title = {Integer programming and the theory of grouping},
  author = {Vinod, Hrishikesh D},
  journal = {Journal of the American Statistical Association},
  volume = {64},
  number = {326},
  pages = {506--519},
  year = {1969},
  publisher = {Taylor \& Francis}
}

@article{Whitley1994,
  key = {32},
  author = {Whitley, Darrell},
  title = {A genetic algorithm tutorial},
  journal = {Statistics and Computing},
  year = {1994},
  volume = {4},
  number = {2},
  pages = {65--85},
  issn = {1573-1375}
}

@article{Abdoun2012,
  key = {33},
  title = {Analyzing the performance of mutation operators to solve the travelling salesman problem},
  author = {Abdoun, Otman and Abouchabaka, Jaafar and Tajani, Chakir},
  journal = {arXiv preprint arXiv:1203.3099},
  year = {2012}
}